@article{gluck2012isoperimetric,
  title={5. The isoperimetric problem},
  author={Gluck, Herman},
  journal={Math 501 - Differential Geometry},
  year={2012}
}

@book{kline1985mathematics,
  title={Mathematics for the Nonmathematician},
  author={Kline, Morris},
  year={1985},
  publisher={Courier Corporation}
}

@misc{demjanenko2008isoperimetric,
  title={The Isoperimetric Inequality: A History of the Problem, Proofs and Applications},
  author={Demjanenko, S},
  year={2008}
}